@article{chapman2012foreground,
  title={Foreground removal using FASTICA: a showcase of LOFAR-EoR},
  author={Chapman, Emma and Abdalla, Filipe B and Harker, Geraint and Jeli{\'c}, Vibor and Labropoulos, Panagiotis and Zaroubi, Saleem and Brentjens, Michiel A and de Bruyn, AG and Koopmans, LVE},
  journal={Monthly Notices of the Royal Astronomical Society},
  volume={423},
  number={3},
  pages={2518--2532},
  year={2012},
  publisher={Blackwell Publishing Ltd Oxford, UK}
}

@article{shaw2015coaxing,
  title={Coaxing cosmic 21 cm fluctuations from the polarized sky using m-mode analysis},
  author={Shaw, J Richard and Sigurdson, Kris and Sitwell, Michael and Stebbins, Albert and Pen, Ue-Li},
  journal={Physical Review D},
  volume={91},
  number={8},
  pages={083514},
  year={2015},
  publisher={APS}
}

@article{bernardi2011subtraction,
  title={Subtraction of point sources from interferometric radio images through an algebraic forward modelling scheme},
  author={Bernardi, Gianni and Mitchell, DA and Ord, SM and Greenhill, LJ and Pindor, B and Wayth, RB and Wyithe, JSB},
  journal={Monthly Notices of the Royal Astronomical Society},
  volume={413},
  number={1},
  pages={411--422},
  year={2011},
  publisher={The Royal Astronomical Society}
}

@article{cho2012technique,
  title={A technique for foreground subtraction in redshifted 21 cm observations},
  author={Cho, Jungyeon and Lazarian, A and Timbie, Peter T},
  journal={The Astrophysical Journal},
  volume={749},
  number={2},
  pages={164},
  year={2012},
  publisher={IOP Publishing}
}

@article{harker2009non,
  title={Non-parametric foreground subtraction for 21-cm epoch of reionization experiments},
  author={Harker, Geraint and Zaroubi, Saleem and Bernardi, Gianni and Brentjens, Michiel A and De Bruyn, AG and Ciardi, Benedetta and Jeli{\'c}, Vibor and Koopmans, Leon VE and Labropoulos, Panagiotis and Mellema, Garrelt and others},
  journal={Monthly Notices of the Royal Astronomical Society},
  volume={397},
  number={2},
  pages={1138--1152},
  year={2009},
  publisher={Blackwell Publishing Ltd Oxford, UK}
}

@article{kern2019mitigating,
  title={Mitigating Internal Instrument Coupling for 21 cm Cosmology. I. Temporal and Spectral Modeling in Simulations},
  author={Kern, Nicholas S and Parsons, Aaron R and Dillon, Joshua S and Lanman, Adam E and Fagnoni, Nicolas and de Lera Acedo, Eloy},
  journal={The Astrophysical Journal},
  volume={884},
  number={2},
  pages={105},
  year={2019},
  publisher={IOP Publishing}
}

@article{liu2019data,
  title={Data Analysis for Precision 21 cm Cosmology},
  author={Liu, Adrian and Shaw, J Richard},
  journal={arXiv preprint arXiv:1907.08211},
  year={2019}
}

@article{jelic2008foreground,
  title={Foreground simulations for the LOFAR--epoch of reionization experiment},
  author={Jeli{\'c}, Vibor and Zaroubi, Saleem and Labropoulos, Panagiotis and Thomas, Rajat M and Bernardi, Gianni and Brentjens, Michiel A and De Bruyn, AG and Ciardi, Benedetta and Harker, Geraint and Koopmans, Leon VE and others},
  journal={Monthly Notices of the Royal Astronomical Society},
  volume={389},
  number={3},
  pages={1319--1335},
  year={2008},
  publisher={Blackwell Publishing Ltd Oxford, UK}
}

@article{bernardi2009foregrounds,
  title={Foregrounds for observations of the cosmological 21 cm line-I. First Westerbork measurements of Galactic emission at 150 MHz in a low latitude field},
  author={Bernardi, G and De Bruyn, AG and Brentjens, MA and Ciardi, B and Harker, G and Jeli{\'c}, Vibor and Koopmans, LVE and Labropoulos, P and Offringa, A and Pandey, VN and others},
  journal={Astronomy \& Astrophysics},
  volume={500},
  number={3},
  pages={965--979},
  year={2009},
  publisher={EDP Sciences}
}

@article{beardsley2016first,
  title={First season MWA EoR power spectrum results at redshift 7},
  author={Beardsley, AP and Hazelton, B and Sullivan, IS and Carroll, P and Barry, N and Rahimi, M and Pindor, B and Trott, CM and Line, J and Jacobs, Daniel C and others},
  year={2016},
  publisher={IOP Publishing}
}

@article{patil2017upper,
  title={Upper limits on the 21 cm epoch of reionization power spectrum from one night with LOFAR},
  author={Patil, AH and Yatawatta, S and Koopmans, LVE and De Bruyn, AG and Brentjens, MA and Zaroubi, S and Asad, KMB and Hatef, M and Jeli{\'c}, Vibor and Mevius, M and others},
  journal={The Astrophysical Journal},
  volume={838},
  number={1},
  pages={65},
  year={2017},
  publisher={IOP Publishing}
}

@article{barry2019improving,
  title={Improving the Epoch of Reionization Power Spectrum Results from Murchison Widefield Array Season 1 Observations},
  author={Barry, N and Wilensky, M and Trott, CM and Pindor, B and Beardsley, AP and Hazelton, BJ and Sullivan, IS and Morales, MF and Pober, JC and Line, J and others},
  journal={The Astrophysical Journal},
  volume={884},
  number={1},
  pages={1},
  year={2019},
  publisher={IOP Publishing}
}

@article{kolopanis2019simplified,
  title={A Simplified, Lossless Reanalysis of PAPER-64},
  author={Kolopanis, Matthew and Jacobs, Daniel C and Cheng, Carina and Parsons, Aaron R and Kohn, Saul A and Pober, Jonathan C and Aguirre, James E and Ali, Zaki S and Bernardi, Gianni and Bradley, Richard F and others},
  journal={The Astrophysical Journal},
  volume={883},
  number={2},
  pages={133},
  year={2019},
  publisher={IOP Publishing}
}

@article{li2019first,
  title={First Season MWA Phase II EoR Power Spectrum Results at Redshift 7},
  author={Li, W and Pober, JC and Barry, N and Hazelton, BJ and Morales, MF and Trott, CM and Lanman, A and Wilensky, M and Sullivan, I and Beardsley, AP and others},
  journal={arXiv preprint arXiv:1911.10216},
  year={2019}
}

@article{mertens2020improved,
  title={Improved upper limits on the 21 cm signal power spectrum of neutral hydrogen at z≈ 9.1 from LOFAR},
  author={Mertens, FG and Mevius, M and Koopmans, LVE and Offringa, AR and Mellema, G and Zaroubi, S and Brentjens, MA and Gan, H and Gehlot, BK and Pandey, VN and others},
  journal={Monthly Notices of the Royal Astronomical Society},
  volume={493},
  number={2},
  pages={1662--1685},
  year={2020},
  publisher={Oxford University Press}
}

@article{trott2020deep,
  title={Deep multi-redshift limits on Epoch of Reionisation 21 cm Power Spectra from Four Seasons of Murchison Widefield Array Observations},
  author={Trott, Cathryn M and Jordan, CH and Midgley, S and Barry, N and Greig, B and Pindor, B and Cook, JH and Sleap, G and Tingay, SJ and Ung, D and others},
  journal={Monthly Notices of the Royal Astronomical Society},
  year={2020}
}

@article{parsons2014new,
  title={New limits on 21 cm epoch of reionization from paper-32 consistent with an x-ray heated intergalactic medium at z= 7.7},
  author={Parsons, Aaron R and Liu, Adrian and Aguirre, James E and Ali, Zaki S and Bradley, Richard F and Carilli, Chris L and DeBoer, David R and Dexter, Matthew R and Gugliucci, Nicole E and Jacobs, Daniel C and others},
  journal={The Astrophysical Journal},
  volume={788},
  number={2},
  pages={106},
  year={2014},
  publisher={IOP Publishing}
}

@article{kern2017emulating,
  title={Emulating Simulations of Cosmic Dawn for 21 cm Power Spectrum Constraints on Cosmology, Reionization, and X-Ray Heating},
  author={Kern, Nicholas S and Liu, Adrian and Parsons, Aaron R and Mesinger, Andrei and Greig, Bradley},
  journal={The Astrophysical Journal},
  volume={848},
  number={1},
  pages={23},
  year={2017},
  publisher={IOP Publishing}
}

@article{hassan2017epoch,
  title={Epoch of reionization 21 cm forecasting from MCMC-constrained semi-numerical models},
  author={Hassan, Sultan and Dav{\'e}, Romeel and Finlator, Kristian and Santos, Mario G},
  journal={Monthly Notices of the Royal Astronomical Society},
  volume={468},
  number={1},
  pages={122--139},
  year={2017},
  publisher={Oxford University Press}
}

@article{park2019inferring,
  title={Inferring the astrophysics of reionization and cosmic dawn from galaxy luminosity functions and the 21-cm signal},
  author={Park, Jaehong and Mesinger, Andrei and Greig, Bradley and Gillet, Nicolas},
  journal={Monthly Notices of the Royal Astronomical Society},
  volume={484},
  number={1},
  pages={933--949},
  year={2019},
  publisher={Oxford University Press}
}

@article{greig2017simultaneously,
  title={Simultaneously constraining the astrophysics of reionization and the epoch of heating with 21CMMC},
  author={Greig, Bradley and Mesinger, Andrei},
  journal={Monthly Notices of the Royal Astronomical Society},
  volume={472},
  number={3},
  pages={2651--2669},
  year={2017},
  publisher={Oxford University Press}
}

@article{ghara2020constraining,
  title={Constraining the intergalactic medium at z≈ 9.1 using LOFAR Epoch of Reionization observations},
  author={Ghara, R and Giri, SK and Mellema, G and Ciardi, B and Zaroubi, S and Iliev, IT and Koopmans, LVE and Chapman, E and Gazagnes, S and Gehlot, BK and others},
  journal={Monthly Notices of the Royal Astronomical Society},
  year={2020}
}

@article{pober201564,
  title={64 constraints on reionization. II. the temperature of the z= 8.4 intergalactic medium},
  author={Pober, Jonathan C and Ali, Zaki S and Parsons, Aaron R and McQuinn, Matthew and Aguirre, James E and Bernardi, Gianni and Bradley, Richard F and Carilli, Chris L and Cheng, Carina and DeBoer, David R and others},
  journal={The Astrophysical Journal},
  volume={809},
  number={1},
  pages={62},
  year={2015},
  publisher={IOP Publishing}
}

@article{greig201521cmmc,
  title={21CMMC: an MCMC analysis tool enabling astrophysical parameter studies of the cosmic 21 cm signal},
  author={Greig, Bradley and Mesinger, Andrei},
  journal={Monthly Notices of the Royal Astronomical Society},
  volume={449},
  number={4},
  pages={4246--4263},
  year={2015},
  publisher={The Royal Astronomical Society}
}

@article{pober2014next,
  title={What next-generation 21 cm power spectrum measurements can teach us about the epoch of reionization},
  author={Pober, Jonathan C and Liu, Adrian and Dillon, Joshua S and Aguirre, James E and Bowman, Judd D and Bradley, Richard F and Carilli, Chris L and DeBoer, David R and Hewitt, Jacqueline N and Jacobs, Daniel C and others},
  journal={The Astrophysical Journal},
  volume={782},
  number={2},
  pages={66},
  year={2014},
  publisher={IOP Publishing}
}

@article{singh2018saras,
  title={SARAS 2: a spectral radiometer for probing cosmic dawn and the epoch of reionization through detection of the global 21-cm signal},
  author={Singh, Saurabh and Subrahmanyan, Ravi and Shankar, N Udaya and Rao, Mayuri Sathyanarayana and Girish, BS and Raghunathan, A and Somashekar, R and Srivani, KS},
  journal={Experimental Astronomy},
  volume={45},
  number={2},
  pages={269--314},
  year={2018},
  publisher={Springer}
}

@article{bowman2008toward,
  title={Toward empirical constraints on the global redshifted 21 cm brightness temperature during the epoch of reionization},
  author={Bowman, Judd D and Rogers, Alan EE and Hewitt, Jacqueline N},
  journal={The Astrophysical Journal},
  volume={676},
  number={1},
  pages={1},
  year={2008},
  publisher={IOP Publishing}
}

@article{bowman2018absorption,
  title={An absorption profile centred at 78 megahertz in the sky-averaged spectrum},
  author={Bowman, Judd D and Rogers, Alan EE and Monsalve, Raul A and Mozdzen, Thomas J and Mahesh, Nivedita},
  journal={Nature},
  volume={555},
  number={7694},
  pages={67--70},
  year={2018},
  publisher={Nature Publishing Group}
}

@article{koopmans2015advancing,
  title={Advancing Astrophysics with the Square Kilometre Array (AASKA14)},
  author={Koopmans, L and Pritchard, J and Mellema, G and others},
  journal={arXiv preprint arXiv:1505.07568},
  year={2015}
}

@article{kern2020mitigating,
  title={Mitigating Internal Instrument Coupling for 21 cm Cosmology. II. A Method Demonstration with the Hydrogen Epoch of Reionization Array},
  author={Kern, Nicholas S and Parsons, Aaron R and Dillon, Joshua S and Lanman, Adam E and Liu, Adrian and Bull, Philip and Ewall-Wice, Aaron and Abdurashidova, Zara and Aguirre, James E and Alexander, Paul and others},
  journal={The Astrophysical Journal},
  volume={888},
  number={2},
  pages={70},
  year={2020},
  publisher={IOP Publishing}
}

@ARTICLE{2015ApJ...801...51J,
       author = {{Jacobs}, Daniel C. and {Pober}, Jonathan C. and {Parsons}, Aaron R. and
         {Aguirre}, James E. and {Ali}, Zaki S. and {Bowman}, Judd and
         {Bradley}, Richard F. and {Carilli}, Chris L. and {DeBoer}, David R. and
         {Dexter}, Matthew R. and {Gugliucci}, Nicole E. and {Klima}, Pat and
         {Liu}, Adrian and {MacMahon}, David H.~E. and {Manley}, Jason R. and
         {Moore}, David F. and {Stefan}, Irina I. and {Walbrugh}, William P.},
        title = "{Multiredshift Limits on the 21 cm Power Spectrum from PAPER}",
      journal = {\apj},
     keywords = {dark ages, reionization, first stars, techniques: interferometric, Astrophysics - Cosmology and Nongalactic Astrophysics, Astrophysics - Instrumentation and Methods for Astrophysics},
         year = "2015",
        month = "Mar",
       volume = {801},
       number = {1},
          eid = {51},
        pages = {51},
          doi = {10.1088/0004-637X/801/1/51},
archivePrefix = {arXiv},
       eprint = {1408.3389},
 primaryClass = {astro-ph.CO},
       adsurl = {https://ui.adsabs.harvard.edu/abs/2015ApJ...801...51J},
      adsnote = {Provided by the SAO/NASA Astrophysics Data System}
}

@article{cheng2018characterizing,
  title={Characterizing Signal Loss in the 21 cm Reionization Power Spectrum: A Revised Study of PAPER-64},
  author={Cheng, Carina and Parsons, Aaron R and Kolopanis, Matthew and Jacobs, Daniel C and Liu, Adrian and Kohn, Saul A and Aguirre, James E and Pober, Jonathan C and Ali, Zaki S and Bernardi, Gianni and others},
  journal={The Astrophysical Journal},
  volume={868},
  number={1},
  pages={26},
  year={2018},
  publisher={IOP Publishing}
}

@article{trott2014comparison,
  title={Comparison of Observing Modes for Statistical Estimation of the 21 cm Signal from the Epoch of Reionisation},
  author={Trott, Cathryn M},
  journal={Publications of the Astronomical Society of Australia},
  volume={31},
  year={2014},
  publisher={Cambridge University Press}
}

@article{lanman2019fundamental,
  title={Fundamental uncertainty levels of 21cm power spectra from a delay analysis},
  author={Lanman, Adam E and Pober, Jonathan C},
  journal={arXiv preprint arXiv:1903.10531},
  year={2019}
}

@article{dillon2013fast,
  title={A fast method for power spectrum and foreground analysis for 21 cm cosmology},
  author={Dillon, Joshua S and Liu, Adrian and Tegmark, Max},
  journal={Physical Review D},
  volume={87},
  number={4},
  pages={043005},
  year={2013},
  publisher={APS}
}

@article{hazelton2013fundamental,
  title={The fundamental multi-baseline mode-mixing foreground in 21 cm epoch of reionization observations},
  author={Hazelton, Bryna J and Morales, Miguel F and Sullivan, Ian S},
  journal={The Astrophysical Journal},
  volume={770},
  number={2},
  pages={156},
  year={2013},
  publisher={IOP Publishing}
}

@article{thyagarajan2013study,
  title={A study of fundamental limitations to statistical detection of redshifted HI from the epoch of reionization},
  author={Thyagarajan, Nithyanandan and Shankar, N Udaya and Subrahmanyan, Ravi and Arcus, Wayne and Bernardi, Gianni and Bowman, Judd D and Briggs, Frank and Bunton, John D and Cappallo, Roger J and Corey, Brian E and others},
  journal={The Astrophysical Journal},
  volume={776},
  number={1},
  pages={6},
  year={2013},
  publisher={IOP Publishing}
}

@article{trott2012impact,
  title={The impact of point-source subtraction residuals on 21 cm epoch of reionization estimation},
  author={Trott, Cathryn M and Wayth, Randall B and Tingay, Steven J},
  journal={The Astrophysical Journal},
  volume={757},
  number={1},
  pages={101},
  year={2012},
  publisher={IOP Publishing}
}

@article{morales2012four,
  title={Four fundamental foreground power spectrum shapes for 21 cm cosmology observations},
  author={Morales, Miguel F and Hazelton, Bryna and Sullivan, Ian and Beardsley, Adam},
  journal={The Astrophysical Journal},
  volume={752},
  number={2},
  pages={137},
  year={2012},
  publisher={IOP Publishing}
}

@article{vedantham2012imaging,
  title={Imaging the epoch of reionization: Limitations from foreground confusion and imaging algorithms},
  author={Vedantham, Harish and Shankar, N Udaya and Subrahmanyan, Ravi},
  journal={The Astrophysical Journal},
  volume={745},
  number={2},
  pages={176},
  year={2012},
  publisher={IOP Publishing}
}

@article{datta2010bright,
  title={Bright source subtraction requirements for redshifted 21 cm measurements},
  author={Datta, A and Bowman, JD and Carilli, CL},
  journal={The Astrophysical Journal},
  volume={724},
  number={1},
  pages={526},
  year={2010},
  publisher={IOP Publishing}
}

@article{parsons2012per,
  title={A per-baseline, delay-spectrum technique for accessing the 21 cm cosmic reionization signature},
  author={Parsons, Aaron R and Pober, Jonathan C and Aguirre, James E and Carilli, Christopher L and Jacobs, Daniel C and Moore, David F},
  journal={The Astrophysical Journal},
  volume={756},
  number={2},
  pages={165},
  year={2012},
  publisher={IOP Publishing}
}

@article{parsons2009calibration,
  title={Calibration of low-frequency, wide-field radio interferometers using delay/delay-rate filtering},
  author={Parsons, Aaron R and Backer, Donald C},
  journal={The Astronomical Journal},
  volume={138},
  number={1},
  pages={219},
  year={2009},
  publisher={IOP Publishing}
}

@article{parsons2012sensitivity,
  title={A sensitivity and array-configuration study for measuring the power spectrum of 21 cm emission from reionization},
  author={Parsons, Aaron and Pober, Jonathan and McQuinn, Matthew and Jacobs, Daniel and Aguirre, James},
  journal={The Astrophysical Journal},
  volume={753},
  number={1},
  pages={81},
  year={2012},
  publisher={IOP Publishing}
}

@article{mondal2015statistics,
  title={Statistics of the epoch of reionization 21-cm signal--I. Power spectrum error-covariance},
  author={Mondal, Rajesh and Bharadwaj, Somnath and Majumdar, Suman},
  journal={Monthly Notices of the Royal Astronomical Society},
  volume={456},
  number={2},
  pages={1936--1947},
  year={2015},
  publisher={The Royal Astronomical Society}
}

@article{mondal2015effect,
  title={The effect of non-Gaussianity on error predictions for the Epoch of Reionization (EoR) 21-cm power spectrum},
  author={Mondal, Rajesh and Bharadwaj, Somnath and Majumdar, Suman and Bera, Apurba and Acharyya, Ayan},
  journal={Monthly Notices of the Royal Astronomical Society: Letters},
  volume={449},
  number={1},
  pages={L41--L45},
  year={2015},
  publisher={Oxford University Press}
}

@article{mcquinn2006cosmological,
  title={Cosmological parameter estimation using 21 cm radiation from the epoch of reionization},
  author={McQuinn, Matthew and Zahn, Oliver and Zaldarriaga, Matias and Hernquist, Lars and Furlanetto, Steven R},
  journal={The Astrophysical Journal},
  volume={653},
  number={2},
  pages={815},
  year={2006},
  publisher={IOP Publishing}
}

@article{morales2005power,
  title={Power spectrum sensitivity and the design of epoch of reionization observatories},
  author={Morales, Miguel F},
  journal={The Astrophysical Journal},
  volume={619},
  number={2},
  pages={678},
  year={2005},
  publisher={IOP Publishing}
}

@article{becker2001evidence,
  title={Evidence for Reionization at z~ 6: Detection of a Gunn-Peterson Trough in az= 6.28 Quasar},
  author={Becker, Robert H and Fan, Xiaohui and White, Richard L and Strauss, Michael A and Narayanan, Vijay K and Lupton, Robert H and Gunn, James E and Annis, James and Bahcall, Neta A and Brinkmann, J and others},
  journal={The Astronomical Journal},
  volume={122},
  number={6},
  pages={2850},
  year={2001},
  publisher={IOP Publishing}
}

@article{davies2018quantitative,
  title={Quantitative Constraints on the Reionization History from the IGM Damping Wing Signature in Two Quasars at z> 7},
  author={Davies, Frederick B and Hennawi, Joseph F and Ba{\~n}ados, Eduardo and Luki{\'c}, Zarija and Decarli, Roberto and Fan, Xiaohui and Farina, Emanuele P and Mazzucchelli, Chiara and Rix, Hans-Walter and Venemans, Bram P and others},
  journal={The Astrophysical Journal},
  volume={864},
  number={2},
  pages={142},
  year={2018},
  publisher={IOP Publishing}
}

@article{bosman2018new,
  title={New constraints on Lyman-$\alpha$ opacity with a sample of 62 quasarsat z> 5.7},
  author={Bosman, Sarah EI and Fan, Xiaohui and Jiang, Linhua and Reed, Sophie and Matsuoka, Yoshiki and Becker, George and Haehnelt, Martin},
  journal={Monthly Notices of the Royal Astronomical Society},
  volume={479},
  number={1},
  pages={1055--1076},
  year={2018},
  publisher={Oxford University Press}
}

@article{ouchi2010statistics,
  title={Statistics of 207 Ly$\alpha$ emitters at a redshift near 7: Constraints on reionization and galaxy formation models},
  author={Ouchi, Masami and Shimasaku, Kazuhiro and Furusawa, Hisanori and Saito, Tomoki and Yoshida, Makiko and Akiyama, Masayuki and Ono, Yoshiaki and Yamada, Toru and Ota, Kazuaki and Kashikawa, Nobunari and others},
  journal={The Astrophysical Journal},
  volume={723},
  number={1},
  pages={869},
  year={2010},
  publisher={IOP Publishing}
}

@article{stark2010keck,
  title={Keck spectroscopy of faint 3< z< 7 Lyman break galaxies--I. New constraints on cosmic reionization from the luminosity and redshift-dependent fraction of Lyman $\alpha$ emission},
  author={Stark, Daniel P and Ellis, Richard S and Chiu, Kuenley and Ouchi, Masami and Bunker, Andrew},
  journal={Monthly Notices of the Royal Astronomical Society},
  volume={408},
  number={3},
  pages={1628--1648},
  year={2010},
  publisher={The Royal Astronomical Society}
}

@article{bolton2011neutral,
  title={How neutral is the intergalactic medium surrounding the redshift z= 7.085 quasar ULAS J1120+ 0641?},
  author={Bolton, James S and Haehnelt, Martin G and Warren, Stephen J and Hewett, Paul C and Mortlock, Daniel J and Venemans, Bram P and McMahon, Richard G and Simpson, Chris},
  journal={Monthly Notices of the Royal Astronomical Society: Letters},
  volume={416},
  number={1},
  pages={L70--L74},
  year={2011},
  publisher={The Royal Astronomical Society}
}

@article{becker2015evidence,
  title={Evidence of patchy hydrogen reionization from an extreme Ly$\alpha$ trough below redshift six},
  author={Becker, George D and Bolton, James S and Madau, Piero and Pettini, Max and Ryan-Weber, Emma V and Venemans, Bram P},
  journal={Monthly Notices of the Royal Astronomical Society},
  volume={447},
  number={4},
  pages={3402--3419},
  year={2015},
  publisher={Oxford University Press}
}

@article{dayal2018early,
  title={Early galaxy formation and its large-scale effects},
  author={Dayal, Pratika and Ferrara, Andrea},
  journal={Physics Reports},
  year={2018},
  publisher={Elsevier}
}

@article{barkana2001beginning,
  title={In the beginning: the first sources of light and the reionization of the universe},
  author={Barkana, Rennan and Loeb, Abraham},
  journal={Physics reports},
  volume={349},
  number={2},
  pages={125--238},
  year={2001},
  publisher={Elsevier}
}

@article{furlanetto2006cosmology,
  title={Cosmology at low frequencies: The 21 cm transition and the high-redshift Universe},
  author={Furlanetto, Steven R and Oh, S Peng and Briggs, Frank H},
  journal={Physics reports},
  volume={433},
  number={4-6},
  pages={181--301},
  year={2006},
  publisher={Elsevier}
}

@article{parsons2010precision,
  title={The precision array for probing the epoch of re-ionization: Eight station results},
  author={Parsons, Aaron R and Backer, Donald C and Foster, Griffin S and Wright, Melvyn CH and Bradley, Richard F and Gugliucci, Nicole E and Parashare, Chaitali R and Benoit, Erin E and Aguirre, James E and Jacobs, Daniel C and others},
  journal={The Astronomical Journal},
  volume={139},
  number={4},
  pages={1468},
  year={2010},
  publisher={IOP Publishing}
}

@article{van2013lofar,
  title={LOFAR: The low-frequency array},
  author={van Haarlem, M {\'a}P and Wise, MW and Gunst, AW and Heald, George and McKean, JP and Hessels, JWT and De Bruyn, AG and Nijboer, Ronald and Swinbank, John and Fallows, Richard and others},
  journal={Astronomy \& astrophysics},
  volume={556},
  pages={A2},
  year={2013},
  publisher={EDP Sciences}
}

@article{tingay2013murchison,
  title={The Murchison widefield array: The square kilometre array precursor at low radio frequencies},
  author={Tingay, S Jꎬ and Goeke, Robert and Bowman, Judd D and Emrich, David and Ord, SM and Mitchell, Daniel A and Morales, Miguel F and Booler, Tom and Crosse, Brian and Wayth, RB and others},
  journal={Publications of the Astronomical Society of Australia},
  volume={30},
  year={2013},
  publisher={Cambridge University Press}
}

@article{bowman2013science,
  title={Science with the murchison widefield array},
  author={Bowman, Judd D and Cairns, Iver and Kaplan, David L and Murphy, Tara and Oberoi, Divya and Staveley-Smith, Lister and Arcus, Wayne and Barnes, David G and Bernardi, Gianni and Briggs, Frank H and others},
  journal={Publications of the Astronomical Society of Australia},
  volume={30},
  year={2013},
  publisher={Cambridge University Press}
}

@article{mellema2013reionization,
  title={Reionization and the cosmic dawn with the square kilometre array},
  author={Mellema, Garrelt and Koopmans, L{\'e}on VE and Abdalla, Filipe A and Bernardi, Gianni and Ciardi, Benedetta and Daiboo, Soobash and de Bruyn, AG and Datta, Kanan K and Falcke, Heino and Ferrara, Andrea and others},
  journal={Experimental Astronomy},
  volume={36},
  number={1-2},
  pages={235--318},
  year={2013},
  publisher={Springer}
}

@article{morales2010reionization,
  title={Reionization and Cosmology with 21-cm Fluctuations},
  author={Morales, Miguel F and Wyithe, J Stuart B},
  journal={Annual review of astronomy and astrophysics},
  volume={48},
  pages={127--171},
  year={2010},
  publisher={Annual Reviews}
}

@article{pritchard201221,
  title={21 cm cosmology in the 21st century},
  author={Pritchard, Jonathan R and Loeb, Abraham},
  journal={Reports on Progress in Physics},
  volume={75},
  number={8},
  pages={086901},
  year={2012},
  publisher={IOP Publishing}
}

@article{fan2006observational,
  title={Observational constraints on cosmic reionization},
  author={Fan, Xiaohui and Carilli, CL and Keating, B},
  journal={Annu. Rev. Astron. Astrophys.},
  volume={44},
  pages={415--462},
  year={2006},
  publisher={Annual Reviews}
}

@article{deboer2017hydrogen,
  title={Hydrogen epoch of reionization array (HERA)},
  author={DeBoer, David R and Parsons, Aaron R and Aguirre, James E and Alexander, Paul and Ali, Zaki S and Beardsley, Adam P and Bernardi, Gianni and Bowman, Judd D and Bradley, Richard F and Carilli, Chris L and others},
  journal={Publications of the Astronomical Society of the Pacific},
  volume={129},
  number={974},
  pages={045001},
  year={2017},
  publisher={IOP Publishing}
}

@article{aghanim2018planck,
  title={Planck 2018 results. VI. Cosmological parameters},
  author={{Planck Collaboration}},
  journal={arXiv preprint arXiv:1807.06209},
  year={2018}
}

@article{liu2014epoch,
  title={Epoch of reionization window. I. Mathematical formalism},
  author={Liu, Adrian and Parsons, Aaron R and Trott, Cathryn M},
  journal={Physical Review D},
  volume={90},
  number={2},
  pages={023018},
  year={2014},
  publisher={APS}
}

@article{liu2011method,
  title={A method for 21 cm power spectrum estimation in the presence of foregrounds},
  author={Liu, Adrian and Tegmark, Max},
  journal={Physical Review D},
  volume={83},
  number={10},
  pages={103006},
  year={2011},
  publisher={APS}
}

@article{tegmark1997measure,
  title={How to measure CMB power spectra without losing information},
  author={Tegmark, Max},
  journal={Physical Review D},
  volume={55},
  number={10},
  pages={5895},
  year={1997},
  publisher={APS}
}

@article{ali201564,
  title={64 CONSTRAINTS on REIONIZATION: The 21 cm POWER SPECTRUM at z= 8.4},
  author={Ali, Zaki S and Parsons, Aaron R and Zheng, Haoxuan and Pober, Jonathan C and Liu, Adrian and Aguirre, James E and Bradley, Richard F and Bernardi, Gianni and Carilli, Chris L and Cheng, Carina and others},
  journal={The Astrophysical Journal},
  volume={809},
  number={1},
  pages={61},
  year={2015},
  publisher={IOP Publishing}
}

@article{tegmark1997make,
  title={How to make maps from cosmic microwave background data without losing information},
  author={Tegmark, Max},
  journal={The Astrophysical Journal Letters},
  volume={480},
  number={2},
  pages={L87},
  year={1997},
  publisher={IOP Publishing}
}

@article{de2008model,
  title={A model of diffuse Galactic radio emission from 10 MHz to 100 GHz},
  author={de Oliveira-Costa, Ang{\'e}lica and Tegmark, Max and Gaensler, BM and Jonas, Justin and Landecker, TL and Reich, Patricia},
  journal={Monthly Notices of the Royal Astronomical Society},
  volume={388},
  number={1},
  pages={247--260},
  year={2008},
  publisher={The Royal Astronomical Society}
}

@article{zheng2016improved,
  title={An improved model of diffuse galactic radio emission from 10 MHz to 5 THz},
  author={Zheng, Haoxuan and Tegmark, Max and Dillon, Joshua S and Kim, Doyeon A and Liu, Adrian and Neben, AR and Jonas, Justin and Reich, Patricia and Reich, Wolfgang},
  journal={Monthly Notices of the Royal Astronomical Society},
  volume={464},
  number={3},
  pages={3486--3497},
  year={2016},
  publisher={Oxford University Press}
}

@article{dillon2015empirical,
  title={Empirical covariance modeling for 21 cm power spectrum estimation: A method demonstration and new limits from early Murchison Widefield Array 128-tile data},
  author={Dillon, Joshua S and Neben, Abraham R and Hewitt, Jacqueline N and Tegmark, Max and Barry, N and Beardsley, AP and Bowman, JD and Briggs, Franklin and Carroll, P and de Oliveira-Costa, A and others},
  journal={Physical Review D},
  volume={91},
  number={12},
  pages={123011},
  year={2015},
  publisher={APS}
}

@article{dillon2014overcoming,
  title={Overcoming real-world obstacles in 21 cm power spectrum estimation: A method demonstration and results from early Murchison Widefield Array data},
  author={Dillon, Joshua S and Liu, Adrian and Williams, Christopher L and Hewitt, Jacqueline N and Tegmark, Max and Morgan, Edward H and Levine, Alan M and Morales, Miguel F and Tingay, Steven J and Bernardi, Gianni and others},
  journal={Physical Review D},
  volume={89},
  number={2},
  pages={023002},
  year={2014},
  publisher={APS}
}
